<record><leader>00000cas a2200000 a 4500</leader><controlfield tag="001">25101206</controlfield><controlfield tag="008">920113c19909999cautx n      s0    0eng c</controlfield><datafield ind1=" " ind2=" " tag="010"><subfield code="a">sn 92017006 </subfield></datafield><datafield ind1=" " ind2=" " tag="040"><subfield code="a">CLU</subfield><subfield code="b">eng</subfield><subfield code="c">CLU</subfield><subfield code="d">OCLCQ</subfield><subfield code="d">TXA</subfield><subfield code="d">OCLCQ</subfield><subfield code="d">OCLCF</subfield><subfield code="d">OCLCA</subfield></datafield><datafield ind1=" " ind2=" " tag="012"><subfield code="i">9201</subfield></datafield><datafield ind1=" " ind2=" " tag="042"><subfield code="a">pcc</subfield></datafield><datafield ind1=" " ind2=" " tag="043"><subfield code="a">f------</subfield><subfield code="a">a------</subfield></datafield><datafield ind1="1" ind2="4" tag="050"><subfield code="a">LH1.C3</subfield><subfield code="b">T35</subfield></datafield><datafield ind1="0" ind2=" " tag="130"><subfield code="a">Talib (Los Angeles, Calif.)</subfield></datafield><datafield ind1="1" ind2="3" tag="245"><subfield code="a">al-Talib :</subfield><subfield code="b">UCLA's Muslim newsmagazine.</subfield></datafield><datafield ind1=" " ind2=" " tag="260"><subfield code="a">Los Angeles, CA :</subfield><subfield code="b">ASUCLA Communications Board,</subfield><subfield code="c">c1990-</subfield></datafield><datafield ind1=" " ind2=" " tag="300"><subfield code="a">v. :</subfield><subfield code="b">ill. ;</subfield><subfield code="c">43 cm.</subfield></datafield><datafield ind1=" " ind2=" " tag="310"><subfield code="a">Three no. a year</subfield></datafield><datafield ind1="0" ind2=" " tag="362"><subfield code="a">Vol. 1, issue 1 (Nov. 1990)-</subfield></datafield><datafield ind1=" " ind2=" " tag="500"><subfield code="a">Title from cover.</subfield></datafield><datafield ind1=" " ind2=" " tag="546"><subfield code="a">In English.</subfield></datafield><datafield ind1=" " ind2=" " tag="588"><subfield code="a">Latest issue consulted: Vol. 2, issue 1 (Oct 1991).</subfield></datafield><datafield ind1="2" ind2="0" tag="610"><subfield code="a">University of California, Los Angeles</subfield><subfield code="x">Students</subfield><subfield code="v">Periodicals.</subfield></datafield><datafield ind1=" " ind2="0" tag="650"><subfield code="a">Muslims</subfield><subfield code="v">Periodicals.</subfield></datafield><datafield ind1=" " ind2="7" tag="655"><subfield code="a">Periodicals.</subfield><subfield code="2">fast</subfield><subfield code="0">(OCoLC)fst01411641</subfield></datafield><datafield ind1="2" ind2="7" tag="610"><subfield code="a">University of California, Los Angeles.</subfield><subfield code="2">fast</subfield><subfield code="0">(OCoLC)fst00532076</subfield></datafield><datafield ind1=" " ind2="7" tag="650"><subfield code="a">Muslims.</subfield><subfield code="2">fast</subfield><subfield code="0">(OCoLC)fst01031029</subfield></datafield><datafield ind1=" " ind2="7" tag="650"><subfield code="a">Students.</subfield><subfield code="2">fast</subfield><subfield code="0">(OCoLC)fst01136041</subfield></datafield><datafield ind1=" " ind2=" " tag="850"><subfield code="a">CLU</subfield></datafield></record>